%! Author = m
%! Date = 5/6/25

\begin{thebibliography}{1}
    \bibitem{githublink}
    GitHub Link: https://github.com/MattWay224/reverse-engineering-course
    В этом репозитории можно найти все лабы и информацию про каждое задание в каждой лабе
\end{thebibliography}
